@INPROCEEDINGS{Ren15a,
	title = {Faster {R-CNN}: Towards Real-Time Object Detection},
	author = {S.~Ren and K.~He and R.~Girshick and J.~Sun},
	booktitle = {NIPS},
	year = 2015}

@inproceedings{Ioffe15a,
	title ={Batch Normalization: Accelerating Deep Network Training by Reducing
Internal Covariate Shift},
	author = {S.~Ioffe and C.~Szegedy},
	booktitle = {ICML},
	year = 2015}

@article{Rogez16a,
  author    = {G.~Rogez and C.~Schmid},
  title     = {{MoCap}-guided Data Augmentation for {3D} Pose Estimation 
  in the Wild},
  journal   = {CoRR},
  volume    = {abs/1607.02046},
  year      = {2016},
  url       = {http://arxiv.org/abs/1607.02046}}

@inproceedings{Nair10a,
	author = {V.~Nair and G.E.~Hinton},
	title = {Rectified linear units improve restricted boltzmann machines},
	booktitle = {ICML},
	year = 2010}

@inproceedings{Su15a,
	title = {Render for {CNN}: Viewpoint Estimation in Images
Using CNNs Trained with Rendered 3D Model Views},
	author = {H.~Su and C.R.~Qi and Y.~Li and L.~Guibas},
	booktitle = {ICCV},
	year = 2015}

@inproceedings{He16a,
	title = {Deep Residual Learning for Image Recognition},
	author = {K.~He and X.~Zhang and S.Ren and J.~Sun},
	year = 2016,
	booktitle = {CVPR}}	

@inproceedings{Peng15a,
	title = {Learning Deep Object Detectors from 3D Models},
	author = {X.~Peng and B.~Sun and K.~Ali and K.~Saenko},
	booktitle = {ICCV},
	year = 2015}

@inproceedings{Jaderberg15a,
	author = {M.~Jaderberg and K.~Simonyan and A.~Zisserman and K.~Kavukcuoglu},
	title = {Spatial Transformer Networks},
	booktitle = {NIPS},
	year = 2015}

@inproceedings{Kingma15a,
	author = {D.~Kingma and J.~Ba},
	title ={Adam: A Method for Stochastic Optimization},
	booktitle = {ICLR},
	year = 2015}

@article{Srivastava14a,
	author = {N.~Srivastava and G.~Hinton and A.~Krizhevsky and 
	I.~Sutskever and R.~Salakhutdinov},
	title = {Dropout: A Simple Way to Prevent Neural Networks from Overfitting},
	journal = {JMLR},
	volume = 15,
	pages = {1929âˆ’1958},
	year = 2014}

@inproceedings{Hauberg16a,
	author = {S.~Hauberg and O.~Freifeld and A.~Boensen and L.~Larsen and J.W.~Fisher III and L.K~Hansen},
	title = {Dreaming More Data: Class-dependent Distributions
over Diffeomorphisms for Learned Data Augmentation},
	booktitle = {AISTATS},
	year = 2016}

@inproceedings{Zeiler14a,
	title = {Visualizing and Understanding Convolutional Networks},
	author = {M.D.~Zeiler and R.~Fergus},
	booktitle = {ECCV},
	year = 2014}

@InProceedings{Chatfield14,
  author       = "Chatfield, K. and Simonyan, K. and Vedaldi, A. and Zisserman, A.",
  title        = "Return of the Devil in the Details: Delving Deep into Convolutional Nets",
  booktitle    = "BMVC",
  year         = "2014"}

@inproceedings{Charalambous16a,
	title = {A data augmentation methodology for training machine/deep learning gait recognition algorithms},
	author = {C.~Charalambous and A.~Bharath},
	booktitle = {BMVC},
	year = 2016}


@book{Rasmussen05a,
 author = {C.E.~Rasmussen, C.K.I.~Williams},
 title = {Gaussian Processes for Machine Learning},
 year = {2005},
 publisher = {The MIT Press}} 

@inproceedings{Dixit16a,
	author = {M.~Dixit and N.~Vasoncelos},
	title = {Object based Scene Representations using {Fisher} Scores of Local Subspace Projections},
	year = 2016,
	booktitle = {NIPS}}
	

@article{Bengio09a,
 	author = {Bengio, Yoshua},
 	title = {Learning Deep Architectures for {AI}},
 	journal = {Found. Trends Mach. Learn.},
 	volume = {2},
 	number = {1},
 	year = {2009},
	pages = {1--127}} 

@book{Gibbons2011a,
	author = { J.D.~Gibbons and S.~Chakraborti},
	title = {Nonparametric Statistical Inference},
	edition = {5th},
	publisher = {Chapman \& Hall/CRC Press},
	year = 2011}

@article{Simonyan14a,
  author    = {K.~Simonyan and A.~Zisserman},
  title     = {Very Deep Convolutional Networks for Large-Scale Image Recognition},
  journal   = {CoRR},
  volume    = {abs/1409.1556},
  year      = {2014},
  ee        = {\url{http://arxiv.org/abs/1409.1556}}}

@inproceedings{Drucker97a,
	title = {Support Vector Regression Machines},
	author = {H.~Drucker and C.~Burges and L.~Kaufman and A.~Smola},
	booktitle = {NIPS},
	year = 1997}


@INPROCEEDINGS{Song15a,
	author = {S.~Song and  S.~Lichtenberg  and J.~Xiao},
	title = {{SUN RGB-D}: A {RGB-D} Scene Understanding Benchmark Suite},
	booktitle = {CVPR},
	year = 2015}


@INPROCEEDINGS{Kwitt16a,
	author = {R.~Kwitt and S.~Hegenbart and M.~Niethammer},
	title = {One-Shot Learning of Scene Locations via Feature Trajectory Transfer},
	booktitle ={CVPR},
	year = 2016}

@INPROCEEDINGS{Clevert16a,
	author = {D.-A.~Clevert and T.~Unterhiner and S.~Hochreiter},
	title  = {Fast and Accurate Deep Network Learning by Exponential Linear Units ({ELU}s)},
	booktitle = {ICLR},
	year = 2016}

@INPROCEEDINGS{Girshick15a,
	author = {R.~Girshick},
	title = {Fast {R-CNN}},
	booktitle = {ICCV},
	year = 2015}

@ARTICLE{Uijlings13a,
	title ={Selective Search for Object Recognition},
	author = {J.R.R.~Uijlings and K.E.A.~van de Sande and T.~Gevers and A.W.M.~Smeulders},
	journal = {IJCV},
	volume = 104,
	number = 2,
	pages = {154-171},
	year = 2013}
	
@misc{Authors14,
 author = {Authors},
 title = {The frobnicatable foo filter},
 note = {Face and Gesture  submission ID 324. Supplied as additional material {\tt fg324.pdf}},
 year = 2014
}

@misc{Authors14b,
 author = {Authors},
 title = {Frobnication tutorial},
 note = {Supplied as additional material {\tt tr.pdf}},
 year = 2014
}

@article{Alpher02,
author = {A. Alpher},
title = {Frobnication},
journal = {Journal of Foo},
volume = 12, 
number = 1, 
pages = {234--778}, 
year = 2002
}

@article{Alpher03,
author = {A. Alpher and  J.~P.~N. Fotheringham-Smythe},
title = {Frobnication revisited},
journal = {Journal of Foo},
volume = 13, 
number = 1, 
pages = {234--778}, 
year = 2003
}


@article{Alpher04,
author = {A. Alpher and J.~P.~N. Fotheringham-Smythe and G. Gamow},
title = {Can a machine frobnicate?},
journal = {Journal of Foo},
volume = 14, 
number = 1, 
pages = {234--778}, 
year = 2004
}
