@inproceedings{Wong15a,
    author = {A.~Wong and A.~Yuille},
    title = {One Shot Learning via Composition of Meaningful Patches},
    year = 2015,
    booktitle = {CVPR}}

@inproceedings{Cimpoi15a,
    author = {M.~Cimpoi and S.~Maji and A.~Vedaldi},
    title = {Deep filter banks for texture recognition and segmentation},
    booktitle = {CVPR},
    year = 2015}

@inproceedings{dset:MITIndoor,
	author = {A. Quattoni and A.~Torralba},
	title = {Recognizing Indoor Scenes},
	booktitle = {CVPR},
	year = 2009}

@inproceedings{Borji16a,
	author = {A.~Borji and S.~Izadi and L.~Itti},
	title = {{iLab-20M}: A large-scale controlled object dataset to investigate deep learning},
	booktitle = {CVPR},
	year = 2016}

@inproceedings{Liu15a,
    title = {Deep Convolutional Neural Fields for Depth Estimation from a Single Image},
    author = {F.~Liu and C.~Shen and G.~Lin},
    booktitle = {CVPR},
    year = 2015}


@inproceedings{Mahendran15a,
    author      = {A.~Mahendran and A.~Vedaldi},
    title       = {Understanding Deep Image Representations by Inverting Them},
    booktitle   = {CVPR},
    year        = {2015}}

@inproceedings{Krizhevsky12a,
    author = {A. Krizhevsky and I. Sutskever and G. E. Hinton},
    title = {{Imagenet} classification with deep convolutional neural networks},
    booktitle = {NIPS},
    year = 2012}.

@article{Fan08a,
    author = {R.-E.~Fan and K.-W.~Chang and C.-J.~Hsieh and X.-R.~Wang and C.~J.~Lin},
    title = {{LIBLINEAR}: A Library for Large Linear Classification},
    journal = {JMLR},
    year = 2008,
    volume = 9,
    number = 8,
    pages = {1871-1874}}

@article{scikit-learn,
    title={Scikit-learn: Machine Learning in {P}ython},
    author={Pedregosa, F. and Varoquaux, G. and Gramfort, A. and Michel, V.
         and Thirion, B. and Grisel, O. and Blondel, M. and Prettenhofer, P.
         and Weiss, R. and Dubourg, V. and Vanderplas, J. and Passos, A. and
         Cournapeau, D. and Brucher, M. and Perrot, M. and Duchesnay, E.},
    journal={JMLR},
    volume={12},
    pages={2825--2830},
    year={2011}}


@inproceedings{Deng09a,
    author = {J.~Deng and W.~Dong and R.~Socher L.-J. Li and K.~Li and L.~Fei-Fei},
    title = {Imagenet: A large-scale hierarchical image database},
    booktitle = {CVPR},
    year = 2009}

@inproceedings{FeiFei05a,
  author = {L.~Fei-Fei and P.~Perona},
  title = {A {Bayesian} hierarchical model for learning natural scene categories},
   booktitle = {CVPR},
  year = 2005}

@inproceedings{Lazebnik06a,
  author = {S.~Lazebnik and C.~Schmid and J.~Ponce},
  title = {Beyond Bags of Features: Spatial Pyramid Matching for Recognizing Scene Categories},
  booktitle ={CVPR},
  year = 2006}

@article{Sanchez13a,
	author = {J.~S\'{a}nchez and F.~Perronnin and T.~Mensink and J.~Verbeek},
	title = {Image classification with the {Fisher} vector: Theory and practice},
	journal = {IJCV},
	volume = 105,
	number = 3,
	pages = {222-245},
	year = 2013}

@inproceedings{Szegedy15a,
title = {Going Deeper with Convolutions},
author  = {C.~Szegedy and W.~Liu and Y.~Jia and P.~Sermanet and S.~Reed and D.~ Anguelov and D.~Erhan and V.~Vanhoucke and A.~Rabinovich},
year  = 2015,
booktitle = {CVPR}}



@inproceedings{Donahue14a,
    title ={{DeCAF}: A Deep Convolutional Activation Feature
for Generic Visual Recognition},
    author = {J.~Donahue and Y.~Jia and O.~Vinyals and J.~Huffman and N.~Zhang and E.~Tzeng and T.~Darrell},
    booktitle = {ICML},
    year = 2014}


@inproceedings{Fergus14a,
    title ={{OverFeat}: Integrated Recognition, Localization and Detection using Convolutional Networks},
    author = {P.~Sermanet and D.~Eigen and X.~Zhang and M.~Mathieu and R.~Fergus and Y.~LeCun},
    booktitle = {ICLR},
    year = 2014}

@inproceedings{Dixit15a,
	author = {M.~Dixit and S.~Chen and D.~Gao and N.~Rasiwasia and N.~Vasconcelos},
	title = {Scene Classification with Semantic {Fisher} Vectors},
	year = 2015,
	booktitle = {CVPR}}

@inproceedings{Gong14a,
	author = {Y. Gong and L. Wang and R. Guo and S. Lazebnik},
	title = {Multi-Scale Orderless Pooling of Deep Convolutional Activation Features},
	booktitle = {ECCV},
	year = 2014}
 
@inproceedings{Torralba11a,
    author = {A.~Torralba and A.A~Efros},
    title = {Unbiased look at dataset bias},
    booktitle = {CVPR},
    year = 2011}

@inproceedings{Aytar11a,
    author = {Y.~Aytar and A.~Zisserman},
    title = {Tabula Rasa: Model Transfer for Object Category Detection},
    booktitle = {ICCV},
    year = 2011}

@inproceedings{Malisiewicz11a,
    author = {T.~Malisiewicz and A.~Gupta and A.A.~Efros},
    title = {Ensemble of Exemplar-{SVM}s for Object Detection and Beyond},
    booktitle = {ICCV},
    year = 2011}

@inproceedings{Tang10a,
    author = {K.D.~Tang and M.F.~Tappen and R.~Sukthankar and C.H.~Lampert},
    title = {Optimizing One-Shot Recognition with Micro-Set Learning},
    booktitle = {CVPR},
    year = 2010}

@inproceedings{Liu12a,
    author = {E.Y.~Liu and Z.~Guo and X.~Zhang and V.~Jojic W.~Wang},
    title = {Metric Learning from Relative Comparisons by Minimizing Squared Residual},
    booktitle = {ICDM},
    year = 2012}

@inproceedings{Pfister14a,
    author = {T.~Pfister and J.~Charles and A.~Zisserman},
    title = {Domain-Adaptive Discriminative One-Shot Learning of Gestures},
    booktitle = {ECCV},
    year = 2014}

@inproceedings{Yan15a,
    author = {W.~Yan and J.~Yap and G.~Mori},
    title = {Multi-Task Transfer Methods to Improve One-Shot Learning for 
    Multimedia Events},
    booktitle = {BMVC},
    year = 2015}

@inproceedings{Rasiwasia08a,
  author = {N.~Rasiwasia and N.~Vasconcelos},
  title = {Scene Classification with Low-Dimensional Semantic Spaces and Weak Supervision},
  booktitle = {CVPR},
  year = 2008}

@article{Su12a,
	author = {Y.~Su and F.~Jurie},
	title = {Improving image classification using semantic attributes},
	journal = {IJCV},
	year = 2012,
	pages = {59-77},
	volume = 100,
	number = 1}

@misc{Patterson14a,
    author = {G.~Patterson and C.~Xu and H.~Su and J.~Hayes},
    title = {The {SUN} attribute database: Beyond Categories for Deeper Scene Understanding},
    journal = {Int J Comput Vis},
    volume = 108,
    pages = {59-81},
    year = 2014}

@inproceedings{Bart05a,
    author = {E.~Bart and S.~Ullman},
    title = {Cross-Generalization: learning novel classes from a single example by feature replacement},
    booktitle = {CVPR},
    year = 2005}

@inproceedings{Yu10a,
    author = {X.~Yu and Y.~Aloimonos},
    title = {Attribute-Based Transfer Learning for Object Categorization with Zero/One Training Example},
    booktitle = {ECCV},
    year = 2010}

@inproceedings{Miller00a,
    author = {E.G.~Miller and N.E.~Matsakis and P.~Viola},
    title = {Learning from One-Example Through Shared Density Transforms},
    booktitle = {CVPR},
    year = {2000}}

@inproceedings{Lake13a,
    title = {One-shot learning by inverting a compositional causal process},
    author = {B.M.~Lake and R.~Salakhutdinov and J.~Tenenbaum},
    booktitle = {NIPS},
    year = {2013}}

@inproceedings{Lee13a,
    title = {One-shot learning and big data with n=2}, 
    booktitle = {NIPS}, 
    author = {L.H.~Dicker and D.P.~Foster}, 
    year = {2013}}

@inproceedings{Kwitt12a,
    author = {R.~Kwitt and N.~Vasconcelos and N.~Rasiwasia},
    title = {Scene Recognition on the Semantic Manifold},
    booktitle = {ECCV},
    year = 2012}

@article{FeiFei06a,
    title = {One-Shot Learning for Object Categorization},
    author = {L.~Fei-Fei and R.~Fergus and P.~Perona},
    journal = {TPAMI},
    year = 2006,
    pages = {594-611},
    volume = 28,
    number = 4}

@inproceedings{Salakhutdinov11a, 
    author = {R.~Salakhutdinov A.~Torralba  and J.B.~Tenenbaum}, 
    title = {Learning to Learn with Compound {HD} Models}, 
    booktitle = {NIPS},
    year = {2011}}

@inproceedings{Zhou14a,
    author = {B.~Zhou and A.~Lapedriza and J.~Xiao and A.~Torralba and A.~Oliva},
    title ={Learning Deep Features for Scene Recognition using {Places} Database},
    booktitle = {NIPS},
    year = 2014}

@article {Laffont14a,
    title = {Transient Attributes for High-Level Understanding and Editing of Outdoor Scenes},
    author = {P.-Y.~Laffont and R.~Zhile and X.~Tao and C.~Qian and J.~Hays},
    journal = {ACM TOG},
    volume = {33},
    number = {4},
    year = {2014}}

@inproceedings{Xiao10a,
	author = {J. Xiao and J. Hays and K. Ehinger and A. Oliva and A. Torralba},
	title = {{SUN} Database: Large-scale Scene Recognition from Abbey to Zoo},
	booktitle = {CVPR},
	year = 2010}

@inproceedings{Farhadi09a,
	author = {A.~Farhadi and I.~Endres and D.~Hoiem and D.~Forsyth},
	title = {Describing objects by their attributes},
	year = 2009,
	booktitle ={CVPR}}

@inproceedings{Fink04a,
    author = {M.~Fink},
    title = {Object Classification from a Single Example Utilizing Relevance Metrics},
    booktitle = {NIPS},
    year = 2004}

@inproceedings{Lampert09a,
	author = {C.H.~Lampert and H.~Nickisch and S.~Harmeling},
	title = {Learning to detect unseen object classes by between-class attribute transfer},
	booktitle = {CVPR},
	year = 2009}

@article{Xiao14a,
    year = 2014,
    journal={IJCV},
    title={{SUN} Database: Exploring a Large Collection of Scene Categories},
    author={J.~Xiao and K.A.~Ehinger and J.~Hays and A.~Torralba and A.~Oliva},
    pages={1-20}}
